<?xml version = "1.0" encoding = "UTF-8"?><OAI-PMH xmlns="http://www.openarchives.org/OAI/2.0/" xmlns:xsi="http://www.w3.org/2001/XMLSchema-instance" xsi:schemaLocation="http://www.openarchives.org/OAI/2.0/ http://www.openarchives.org/OAI/2.0/OAI-PMH.xsd"><ListRecords><record><header><identifier>aleph-publish:037542735</identifier></header><metadata><record xmlns="http://www.ddb.de/professionell/mabxml/mabxml-1.xsd"><leader>00000cM2.01200024------h</leader><controlfield tag="LDR">00000cM2.01200024------h</controlfield><controlfield tag="FMT">MH</controlfield><datafield tag="001" ind1="-" ind2="1"><subfield code="a">HT021352855</subfield></datafield><datafield tag="002" ind1="a" ind2="1"><subfield code="a">20220429</subfield></datafield><datafield tag="004" ind1="-" ind2="1"><subfield code="a">20220429</subfield></datafield><datafield tag="020" ind1="-" ind2="1"><subfield code="a">10.1002/9781444327540</subfield><subfield code="b">EBA-Wiley</subfield></datafield><datafield tag="025" ind1="-" ind2="1"><subfield code="a">10.1002/9781444327540</subfield></datafield><datafield tag="026" ind1="-" ind2="1"><subfield code="a">HBZHT021352855</subfield></datafield><controlfield tag="030">|||u|||||||17</controlfield><datafield tag="037" ind1="b" ind2="1"><subfield code="a">eng</subfield></datafield><controlfield tag="050">||||||||g|||||</controlfield><controlfield tag="051">m|||||||</controlfield><datafield tag="060" ind1="-" ind2="1"><subfield code="b">txt</subfield><subfield code="a">Text</subfield></datafield><datafield tag="061" ind1="-" ind2="1"><subfield code="b">c</subfield><subfield code="a">Computermedien</subfield></datafield><datafield tag="062" ind1="-" ind2="1"><subfield code="b">cr</subfield><subfield code="a">Online-Ressource</subfield></datafield><datafield tag="070" ind1="-" ind2="1"><subfield code="a">EBA-Wiley</subfield></datafield><datafield tag="070" ind1="a" ind2="1"><subfield code="a">EBA-Wiley</subfield></datafield><datafield tag="078" ind1="e" ind2="1"><subfield code="a">ZDB-35-Wiley-EBA</subfield></datafield><datafield tag="100" ind1="-" ind2="1"><subfield code="a">Melville</subfield></datafield><datafield tag="331" ind1="-" ind2="1"><subfield code="a">Political Atlas of the Modern World</subfield></datafield><datafield tag="403" ind1="-" ind2="1"><subfield code="a">1</subfield></datafield><datafield tag="419" ind1="-" ind2="1"><subfield code="b">John Wiley &amp; Sons, Inc</subfield><subfield code="c">2010-08-13</subfield></datafield><datafield tag="425" ind1="a" ind2="1"><subfield code="a">2010</subfield></datafield><datafield tag="433" ind1="-" ind2="1"><subfield code="a">1 Online-Ressource</subfield></datafield><datafield tag="540" ind1="a" ind2="1"><subfield code="a">9781444327540</subfield></datafield><datafield tag="552" ind1="a" ind2="1"><subfield code="a">10.1002/9781444327540</subfield></datafield><datafield tag="655" ind1="e" ind2="1"><subfield code="u">https://onlinelibrary.wiley.com/doi/book/10.1002/9781444327540</subfield></datafield><datafield tag="710" ind1="c" ind2="1"><subfield code="a">Political Science</subfield></datafield><datafield tag="776" ind1="-" ind2="1"><subfield code="z">9781444335804</subfield></datafield><controlfield tag="SYS">037542735</controlfield><datafield tag="LOW" ind1="-" ind2="1"><subfield code="a">A0001</subfield></datafield><datafield tag="LOW" ind1="-" ind2="1"><subfield code="a">A5001</subfield></datafield><datafield tag="LOW" ind1="-" ind2="1"><subfield code="a">B0001</subfield></datafield><datafield tag="LOW" ind1="-" ind2="1"><subfield code="a">B5001</subfield></datafield><datafield tag="LOW" ind1="-" ind2="1"><subfield code="a">C0001</subfield></datafield><datafield tag="LOW" ind1="-" ind2="1"><subfield code="a">C5001</subfield></datafield><datafield tag="LOW" ind1="-" ind2="1"><subfield code="a">F5010</subfield></datafield><datafield tag="LOW" ind1="-" ind2="1"><subfield code="a">G5001</subfield></datafield><datafield tag="LOW" ind1="-" ind2="1"><subfield code="a">J5001</subfield></datafield><datafield tag="LOW" ind1="-" ind2="1"><subfield code="a">K0001</subfield></datafield><datafield tag="LOW" ind1="-" ind2="1"><subfield code="a">K5001</subfield></datafield><datafield tag="LOW" ind1="-" ind2="1"><subfield code="a">M0001</subfield></datafield><datafield tag="LOW" ind1="-" ind2="1"><subfield code="a">N5001</subfield></datafield><datafield tag="LOW" ind1="-" ind2="1"><subfield code="a">Q0001</subfield></datafield><datafield tag="LOW" ind1="-" ind2="1"><subfield code="a">U0001</subfield></datafield><datafield tag="LOW" ind1="-" ind2="1"><subfield code="a">U5001</subfield></datafield><datafield tag="LAL" ind1="-" ind2="1"><subfield code="a">DUE</subfield><subfield code="b">X0001</subfield></datafield><datafield tag="LAL" ind1="-" ind2="1"><subfield code="a">EDU</subfield><subfield code="b">D0001</subfield><subfield code="b">E0001</subfield></datafield><datafield tag="LAL" ind1="-" ind2="1"><subfield code="a">FUH</subfield><subfield code="b">F0001</subfield></datafield><datafield tag="LAL" ind1="-" ind2="1"><subfield code="a">KHTIT</subfield><subfield code="b">Z9039</subfield></datafield><datafield tag="LAL" ind1="-" ind2="1"><subfield code="a">PAD</subfield><subfield code="b">P0001</subfield></datafield><datafield tag="LAL" ind1="-" ind2="1"><subfield code="a">SIE</subfield><subfield code="b">S0001</subfield></datafield><datafield tag="LAL" ind1="-" ind2="1"><subfield code="a">WUP</subfield><subfield code="b">W0001</subfield></datafield><datafield tag="LAL" ind1="-" ind2="1"><subfield code="a">ZBS</subfield><subfield code="b">KP001</subfield></datafield><datafield tag="088" ind1=" " ind2=" "><subfield code="a">Dm 13</subfield></datafield><datafield tag="088" ind1=" " ind2=" "><subfield code="a">468</subfield></datafield><datafield tag="088" ind1=" " ind2=" "><subfield code="a">61</subfield></datafield><datafield tag="088" ind1=" " ind2=" "><subfield code="a">82</subfield></datafield><datafield tag="088" ind1=" " ind2=" "><subfield code="a">A 96</subfield></datafield><datafield tag="088" ind1=" " ind2=" "><subfield code="a">294</subfield></datafield><datafield tag="088" ind1=" " ind2=" "><subfield code="a">Bm 40</subfield></datafield><datafield tag="088" ind1=" " ind2=" "><subfield code="a">361</subfield></datafield><datafield tag="088" ind1=" " ind2=" "><subfield code="a">Bi 10</subfield></datafield><datafield tag="088" ind1=" " ind2=" "><subfield code="a">464</subfield></datafield><datafield tag="088" ind1=" " ind2=" "><subfield code="a">465</subfield></datafield><datafield tag="088" ind1=" " ind2=" "><subfield code="a">708</subfield></datafield><datafield tag="088" ind1=" " ind2=" "><subfield code="a">1393</subfield></datafield><datafield tag="088" ind1=" " ind2=" "><subfield code="a">1010</subfield></datafield><datafield tag="088" ind1=" " ind2=" "><subfield code="a">1044</subfield></datafield><datafield tag="088" ind1=" " ind2=" "><subfield code="a">38</subfield></datafield><datafield tag="088" ind1=" " ind2=" "><subfield code="a">832</subfield></datafield><datafield tag="088" ind1=" " ind2=" "><subfield code="a">Kn 41</subfield></datafield><datafield tag="088" ind1=" " ind2=" "><subfield code="a">6</subfield></datafield><datafield tag="088" ind1=" " ind2=" "><subfield code="a">829</subfield></datafield><datafield tag="088" ind1=" " ind2=" "><subfield code="a">466</subfield></datafield><datafield tag="088" ind1=" " ind2=" "><subfield code="a">467</subfield></datafield><datafield tag="088" ind1=" " ind2=" "><subfield code="a">290</subfield></datafield><datafield tag="088" ind1=" " ind2=" "><subfield code="a">5</subfield></datafield><datafield tag="088" ind1=" " ind2=" "><subfield code="a">1032</subfield></datafield><datafield tag="088" ind1=" " ind2=" "><subfield code="a">708/ET</subfield></datafield><datafield tag="EB1" ind1=" " ind2="9"><subfield code="a">eb1</subfield><subfield code="2">U5001</subfield></datafield><datafield tag="EB1" ind1=" " ind2="9"><subfield code="a">eb1</subfield><subfield code="2">W0001</subfield></datafield><datafield tag="EB1" ind1=" " ind2="9"><subfield code="a">eb1</subfield><subfield code="2">X0001</subfield></datafield><datafield tag="EB1" ind1=" " ind2="9"><subfield code="a">eb1</subfield><subfield code="2">A0001</subfield></datafield><datafield tag="EB1" ind1=" " ind2="9"><subfield code="a">eb1</subfield><subfield code="2">A5001</subfield></datafield><datafield tag="EB1" ind1=" " ind2="9"><subfield code="a">eb1</subfield><subfield code="2">B0001</subfield></datafield><datafield tag="EB1" ind1=" " ind2="9"><subfield code="a">eb1</subfield><subfield code="2">B5001</subfield></datafield><datafield tag="EB1" ind1=" " ind2="9"><subfield code="a">eb1</subfield><subfield code="2">C0001</subfield></datafield><datafield tag="EB1" ind1=" " ind2="9"><subfield code="a">eb1</subfield><subfield code="2">C5001</subfield></datafield><datafield tag="EB1" ind1=" " ind2="9"><subfield code="a">eb1</subfield><subfield code="2">D0001</subfield></datafield><datafield tag="EB1" ind1=" " ind2="9"><subfield code="a">eb1</subfield><subfield code="2">E0001</subfield></datafield><datafield tag="EB1" ind1=" " ind2="9"><subfield code="a">eb1</subfield><subfield code="2">F0001</subfield></datafield><datafield tag="EB1" ind1=" " ind2="9"><subfield code="a">eb1</subfield><subfield code="2">F5010</subfield></datafield><datafield tag="EB1" ind1=" " ind2="9"><subfield code="a">eb1</subfield><subfield code="2">G5001</subfield></datafield><datafield tag="EB1" ind1=" " ind2="9"><subfield code="a">eb1</subfield><subfield code="2">J5001</subfield></datafield><datafield tag="EB1" ind1=" " ind2="9"><subfield code="a">eb1</subfield><subfield code="2">K0001</subfield></datafield><datafield tag="EB1" ind1=" " ind2="9"><subfield code="a">eb1</subfield><subfield code="2">K5001</subfield></datafield><datafield tag="EB1" ind1=" " ind2="9"><subfield code="a">eb1</subfield><subfield code="2">KP001</subfield></datafield><datafield tag="EB1" ind1=" " ind2="9"><subfield code="a">eb1</subfield><subfield code="2">M0001</subfield></datafield><datafield tag="EB1" ind1=" " ind2="9"><subfield code="a">eb1</subfield><subfield code="2">N5001</subfield></datafield><datafield tag="EB1" ind1=" " ind2="9"><subfield code="a">eb1</subfield><subfield code="2">P0001</subfield></datafield><datafield tag="EB1" ind1=" " ind2="9"><subfield code="a">eb1</subfield><subfield code="2">S0001</subfield></datafield><datafield tag="EB1" ind1=" " ind2="9"><subfield code="a">eb1</subfield><subfield code="2">U0001</subfield></datafield><datafield tag="EB1" ind1=" " ind2="9"><subfield code="a">eb1</subfield><subfield code="2">Q0001</subfield></datafield><datafield tag="EB1" ind1=" " ind2="9"><subfield code="a">eb1</subfield><subfield code="2">Z9039</subfield></datafield></record></metadata></record></ListRecords></OAI-PMH>